[gd_scene load_steps=9 format=2]

[ext_resource path="res://source/assets/image/btn_back.png" type="Texture" id=1]
[ext_resource path="res://source/Game.gd" type="Script" id=2]
[ext_resource path="res://source/assets/font/Arial Black.ttf" type="DynamicFontData" id=3]
[ext_resource path="res://source/assets/image/bg_replay.png" type="Texture" id=4]
[ext_resource path="res://source/assets/image/btn_replay.png" type="Texture" id=5]

[sub_resource type="DynamicFont" id=1]
size = 24
use_mipmaps = true
use_filter = true
font_data = ExtResource( 3 )

[sub_resource type="DynamicFont" id=2]
size = 24
use_mipmaps = true
use_filter = true
font_data = ExtResource( 3 )

[sub_resource type="DynamicFont" id=3]
size = 34
use_mipmaps = true
use_filter = true
font_data = ExtResource( 3 )

[node name="Game" type="Control"]
anchor_right = 1.0
anchor_bottom = 1.0
script = ExtResource( 2 )
__meta__ = {
"_edit_use_anchors_": false
}

[node name="Time" type="Label" parent="."]
anchor_left = 0.5
anchor_right = 0.5
margin_left = -76.5
margin_top = 16.0
margin_right = 76.5
margin_bottom = 51.0
custom_fonts/font = SubResource( 1 )
custom_colors/font_color_shadow = Color( 0, 0, 0, 0.352941 )
custom_constants/shadow_offset_y = 4
text = "Time: 00:38"
align = 1
valign = 1
__meta__ = {
"_edit_use_anchors_": false,
"_editor_description_": ""
}

[node name="Score" type="Label" parent="."]
anchor_left = 1.0
anchor_right = 1.0
margin_left = -229.0
margin_top = 16.0
margin_right = -24.0
margin_bottom = 51.0
custom_fonts/font = SubResource( 2 )
custom_colors/font_color_shadow = Color( 0, 0, 0, 0.352941 )
custom_constants/shadow_offset_y = 4
text = "Score: 33"
align = 2
valign = 1
__meta__ = {
"_edit_use_anchors_": false,
"_editor_description_": ""
}

[node name="Tween" type="Tween" parent="."]

[node name="Board" type="Node2D" parent="."]

[node name="GameOver" type="ColorRect" parent="."]
anchor_right = 1.0
anchor_bottom = 1.0
color = Color( 0, 0, 0, 0.541176 )
__meta__ = {
"_edit_use_anchors_": false
}

[node name="Modal" type="TextureRect" parent="GameOver"]
anchor_left = 0.5
anchor_top = 0.5
anchor_right = 0.5
anchor_bottom = 0.5
margin_left = -207.0
margin_top = -157.0
margin_right = 207.0
margin_bottom = 157.0
texture = ExtResource( 4 )
__meta__ = {
"_edit_use_anchors_": false
}

[node name="BtnReplay" type="Button" parent="GameOver/Modal"]
anchor_left = 0.5
anchor_top = 0.5
anchor_right = 0.5
anchor_bottom = 0.5
margin_left = -140.0
margin_top = 43.5
margin_right = 140.0
margin_bottom = 116.5
focus_mode = 0
shortcut_in_tooltip = false
enabled_focus_mode = 0
flat = true
__meta__ = {
"_edit_group_": true
}

[node name="TextureRect" type="TextureRect" parent="GameOver/Modal/BtnReplay"]
anchor_left = 0.5
anchor_right = 0.5
margin_left = -141.5
margin_right = 141.5
margin_bottom = 78.0
texture = ExtResource( 5 )

[node name="Title" type="Label" parent="GameOver/Modal"]
anchor_left = 0.5
anchor_top = 0.5
anchor_right = 0.5
anchor_bottom = 0.5
margin_left = -196.0
margin_top = -112.0
margin_right = 195.0
margin_bottom = -63.0
custom_fonts/font = SubResource( 3 )
custom_colors/font_color_shadow = Color( 0, 0, 0, 0.54902 )
custom_constants/shadow_offset_y = 4
text = "GAME OVER"
align = 1
valign = 1

[node name="Score" type="Label" parent="GameOver/Modal"]
anchor_left = 0.5
anchor_top = 0.5
anchor_right = 0.5
anchor_bottom = 0.5
margin_left = -303.0
margin_top = -54.0
margin_right = 303.0
margin_bottom = -5.0
custom_fonts/font = SubResource( 3 )
custom_colors/font_color_shadow = Color( 0, 0, 0, 0.54902 )
custom_constants/shadow_offset_y = 4
text = "SCORE: 123"
align = 1
valign = 1
__meta__ = {
"_edit_use_anchors_": false,
"_editor_description_": ""
}

[node name="BtnBack" type="Button" parent="."]
margin_left = 16.0
margin_top = 8.0
margin_right = 86.0
margin_bottom = 68.0
focus_mode = 0
shortcut_in_tooltip = false
enabled_focus_mode = 0
flat = true
__meta__ = {
"_edit_group_": true
}

[node name="TextureRect" type="TextureRect" parent="BtnBack"]
anchor_left = 0.5
anchor_top = 0.5
anchor_right = 0.5
anchor_bottom = 0.5
margin_left = -22.0
margin_top = -22.0
margin_right = 22.0
margin_bottom = 22.0
texture = ExtResource( 1 )
__meta__ = {
"_edit_use_anchors_": false
}

[node name="Timer" type="Timer" parent="."]
[connection signal="pressed" from="GameOver/Modal/BtnReplay" to="." method="_on_BtnReplay_pressed"]
[connection signal="pressed" from="BtnBack" to="." method="_on_BtnBack_pressed"]
[connection signal="timeout" from="Timer" to="." method="_on_Timer_timeout"]
